% This file was created with JabRef 2.10.
% Encoding: UTF8
% 1. Search for papers on http://scholar.google.com
% 2. Click on quotes underneath result
% 3. Copy BibTeX reference


@misc{obs,
    title = {{Open Broadcaster Software (OBS) Studio}},
    howpublished = {\url{https://obsproject.com/}},
    note = {Accessed: 2019-01-17}
}

@misc{gimp,
    title = {{GIMP - GNU Image Manipulation Program}},
    howpublished = {\url{https://www.gimp.org/}},
    note = {Accessed: 2019-01-17}
}

@misc{svg-tutorial,
    title = {{SVG Tutorial}},
    howpublished = {\url{https://www.w3schools.com/graphics/svg_intro.asp}},
    note = {Accessed: 2019-01-17}
}

@misc{phaser-guides-scenes,
    title = {{Phaser 3 Series: Let's Talk About Scenes}},
    howpublished = {\url{https://github.com/jdotrjs/phaser-guides/blob/master/Basics/Part3.md}},
    note = {Accessed: 2019-01-17}
}

@misc{webglmaxtexturesize,
    title = {{WebGL 2 Stats, MAX\_TEXTURE\_SIZE}},
    howpublished = {\url{https://webglstats.com/webgl2/parameter/MAX_TEXTURE_SIZE}},
    note = {Accessed: 2019-01-17}
}

@misc{canvas,
    title = {{Canvas API Documentation}},
    howpublished = {\url{https://developer.mozilla.org/en-US/docs/Web/API/Canvas_API}},
    note = {Accessed: 2019-01-17}
}

@misc{typescript,
    title = {{TypeScript Documentation}},
    howpublished = {\url{https://www.typescriptlang.org/docs/home.html}},
    note = {Accessed: 2019-01-17}
}

@misc{webgl,
    title = {{WebGL API Documentation}},
    howpublished = {\url{https://developer.mozilla.org/en-US/docs/Web/API/WebGL_API}},
    note = {Accessed: 2019-01-17}
}

@misc{html5,
    title = {{HTML5}},
    howpublished = {\url{https://www.w3.org/TR/2017/REC-html51-20171003/}},
    note = {Accessed: 2019-01-17}
}

@misc{phaserDocs,
    title = {{Phaser 3 Documentation}},
    howpublished = {\url{https://photonstorm.github.io/phaser3-docs/}},
    note = {Accessed: 2019-01-17}
}

@misc{phaserLabs,
    title = {{Phaser 3 Labratories}},
    howpublished = {\url{https://labs.phaser.io/}},
    note = {Accessed: 2019-01-17}
}

@misc{phaser,
    title = {{Phaser 3 Framework}},
    howpublished = {\url{https://phaser.io/}},
    note = {Accessed: 2019-01-17}
}



